@INPROCEEDINGS{Broman&13a,
author={Broman, D. and Brooks, C. and Greenberg, L. and Lee, E.A. and Masin, M. and Tripakis, S. and Wetter, M.},
booktitle={Embedded Software (EMSOFT), 2013 Proceedings of the International Conference on},
title={{Determinate composition of FMUs for co-simulation}},
year={2013},
pages={1-12},
doi={10.1109/EMSOFT.2013.6658580},
COMMENT = "BIB PGL"}

@inproceedings{Cremona&16,
  author    = {Fabio Cremona and
               Marten Lohstroh and
               David Broman and
               Marco Di Natale and
               Edward A. Lee and
               Stavros Tripakis},
  title     = {Step revision in hybrid Co-simulation with {FMI}},
  booktitle = {{MEMOCODE}},
  pages     = {173--183},
  publisher = {{IEEE}},
  year      = {2016}
}